@article{DBLP:journals/soca/BoustilMS14,
  author    = {Amel Boustil and
               Ramdane Maamri and
               Za{\"{\i}}di Sahnoun},
  title     = {A semantic selection approach for composite Web services using {OWL-DL}
               and rules},
  journal   = {Service Oriented Computing and Applications},
  year      = {2014},
  volume    = {8},
  number    = {3},
  pages     = {221--238},
  url       = {http://dx.doi.org/10.1007/s11761-013-0150-6},
  doi       = {10.1007/s11761-013-0150-6},
  timestamp = {Wed, 08 Oct 2014 05:21:22 +0200},
  biburl    = {http://dblp.uni-trier.de/rec/bib/journals/soca/BoustilMS14},
  bibsource = {dblp computer science bibliography, http://dblp.org}
}

@inproceedings{zhang2013genetic,
  title={Genetic Algorithm for Context-Aware Service Composition Based on Context Space Model},
  author={Zhang, Zhichao and Zheng, Shaoqiu and Li, Weiping and Tan, Ying and Wu, Zhonghai and Tan, Wei},
  booktitle={Web Services (ICWS), 2013 IEEE 20th International Conference on},
  pages={605--606},
  year={2013},
  organization={IEEE}
}

@article{martin2007bringing,
  title={Bringing semantics to web services with OWL-S},
  author={Martin, David and Burstein, Mark and Mcdermott, Drew and Mcilraith, Sheila and Paolucci, Massimo and Sycara, Katia and Mcguinness, Deborah L and Sirin, Evren and Srinivasan, Naveen},
  journal={World Wide Web},
  volume={10},
  number={3},
  pages={243--277},
  year={2007},
  publisher={Springer}
}

@inproceedings{saboohi2011world,
  title={World-altering semantic web services discovery and composition techniques-a survey},
  author={Saboohi, Hadi and Kareem, Sameem Abdul},
  booktitle={The 7th International Conference on Semantic Web and Web Services (SWWS)},
  pages={91--95},
  year={2011}
}

@article{wang2014automated,
  title={Automated web service composition supporting conditional branch structures},
  author={Wang, Pengwei and Ding, Zhijun and Jiang, Changjun and Zhou, Mengchu},
  journal={Enterprise Information Systems},
  volume={8},
  number={1},
  pages={121--146},
  year={2014},
  publisher={Taylor \& Francis}
}

@incollection{sohrabi2009web,
  title={Web service composition via the customization of Golog programs with user preferences},
  author={Sohrabi, Shirin and Prokoshyna, Nataliya and McIlraith, Sheila A},
  booktitle={Conceptual Modeling: Foundations and Applications},
  pages={319--334},
  year={2009},
  publisher={Springer}
}

@inproceedings{boustil2010web,
  title={Web services composition handling user constraints: towards a semantic approach},
  author={Boustil, Amel and Sabouret, Nicolas and Maamri, Ramdane},
  booktitle={Proceedings of the 12th International Conference on Information Integration and Web-based Applications \& Services},
  pages={913--916},
  year={2010},
  organization={ACM}
}

@inproceedings{gamha2008framework,
  title={A framework for the semantic composition of web services handling user constraints},
  author={Gamha, Youssef and Bennacer, Nac{\'e}ra and Naquet, GV and Ayeb, B{\'e}chir and Romdhane, Lotfi Ben},
  booktitle={Web Services, 2008. ICWS'08. IEEE International Conference on},
  pages={228--237},
  year={2008},
  organization={IEEE}
}

@article{karakoc2009composing,
  title={Composing semantic Web services under constraints},
  author={Karakoc, Erman and Senkul, Pinar},
  journal={Expert Systems with Applications},
  volume={36},
  number={8},
  pages={11021--11029},
  year={2009},
  publisher={Elsevier}
}

@book{lin2008web,
  title={Web service composition with user preferences},
  author={Lin, Naiwen and Kuter, Ugur and Sirin, Evren},
  year={2008},
  publisher={Springer}
}

@inproceedings{marconi2006specifying,
  title={Specifying data-flow requirements for the automated composition of web services},
  author={Marconi, Annapaola and Pistore, Marco and Traverso, Paolo},
  booktitle={Software Engineering and Formal Methods, 2006. SEFM 2006. Fourth IEEE International Conference on},
  pages={147--156},
  year={2006},
  organization={IEEE}
}

@inproceedings{bertoli2009control,
  title={Control flow requirements for automated service composition},
  author={Bertoli, Piergiorgio and Kazhamiakin, Raman and Paolucci, Massimo and Pistore, Marco and Raik, Heorhi and Wagner, Matthias},
  booktitle={Web Services, 2009. ICWS 2009. IEEE International Conference on},
  pages={17--24},
  year={2009},
  organization={IEEE}
}

@article{yoo2008web,
  title={A web service composition framework using integer programming with non-functional objectives and constraints},
  author={Yoo, John Jung-Woon and Kumara, Soundar and Lee, Dongwon and Oh, Seog-Chan},
  journal={algorithms},
  volume={1},
  pages={7},
  year={2008}
}

@inproceedings{xiang2011qos,
  title={QoS-aware, Optimal and Automated Service Composition with Users' Constraints},
  author={Xiang, Chaocan and Zhao, Wendong and Tian, Chang and Nie, Jingnan and Zhang, Jin},
  booktitle={e-Business Engineering (ICEBE), 2011 IEEE 8th International Conference on},
  pages={223--228},
  year={2011},
  organization={IEEE}
}